<record><leader>00000cas a22000007a 4500</leader><controlfield tag="001">11636059</controlfield><controlfield tag="008">850130d18181819njuwr ne      0    0eng d</controlfield><datafield ind1=" " ind2=" " tag="010"><subfield code="a">sn 85025299 </subfield></datafield><datafield ind1=" " ind2=" " tag="040"><subfield code="a">NPX</subfield><subfield code="b">eng</subfield><subfield code="c">NPX</subfield><subfield code="d">NPA</subfield><subfield code="d">NJW</subfield><subfield code="d">OCLCQ</subfield></datafield><datafield ind1=" " ind2=" " tag="042"><subfield code="a">msc</subfield></datafield><datafield ind1="0" ind2="4" tag="245"><subfield code="a">The Burlington mirror.</subfield></datafield><datafield ind1=" " ind2=" " tag="260"><subfield code="a">Mount-Holly, N.J. :</subfield><subfield code="b">Nathan Palmer &amp; Son,</subfield><subfield code="c">1818-</subfield></datafield><datafield ind1=" " ind2=" " tag="300"><subfield code="a">v.</subfield></datafield><datafield ind1=" " ind2=" " tag="310"><subfield code="a">Weekly</subfield></datafield><datafield ind1="0" ind2=" " tag="362"><subfield code="a">Vol. 1, no. 1 (Sept. 16, 1818)-</subfield></datafield><datafield ind1="1" ind2=" " tag="362"><subfield code="a">Ceased with Sept. 8, 1819 issue.</subfield><subfield code="z">Cf. Brigham, C.S. Amer. newspapers.</subfield></datafield><datafield ind1=" " ind2=" " tag="500"><subfield code="a">References: Shaw &amp; Shoemaker 43489; Brigham, C.S. Amer. newspapers, p. 503.</subfield></datafield><datafield ind1=" " ind2=" " tag="530"><subfield code="a">Also issued on microfilm by Norton Micro Images.</subfield></datafield><datafield ind1="1" ind2=" " tag="700"><subfield code="a">Palmer, Nathan,</subfield><subfield code="d">1767?-1842.</subfield></datafield><datafield ind1="1" ind2=" " tag="700"><subfield code="a">Palmer, Strange N.</subfield></datafield><datafield ind1=" " ind2=" " tag="752"><subfield code="a">United States</subfield><subfield code="b">New Jersey</subfield><subfield code="c">Burlington</subfield><subfield code="d">Mount Holly.</subfield></datafield><datafield ind1="0" ind2="0" tag="785"><subfield code="t">New-Jersey mirror, and Burlington County advertiser</subfield><subfield code="w">(DLC)sn 84026158</subfield><subfield code="w">(OCoLC)10307933</subfield></datafield><datafield ind1="1" ind2=" " tag="029"><subfield code="a">AU@</subfield><subfield code="b">000025818760</subfield></datafield></record>